@misc{ teseProf,
       author = "Ludwig Krippahl",
       title = "Integrating protein structural information",
       year = "2003" }
       
@article{biggerPaper,
author = {Palma, P. Nuno and Krippahl, Ludwig and E. Wampler, John and Moura, Jos√©},
year = {2000},
month = {06},
pages = {372-84},
title = {BIGGER: A new (soft) docking algorithm for predicting protein interactions},
volume = {39},
booktitle = {Proteins}
}
@misc{fftrigid, title={Rigid Body Protein Docking by Fast Fourier Transform }, author={Huang Wenfan}, year={2005},url = {https://www.comp.nus.edu.sg/~leowwk/hyp/huangwenfan.pdf}}